% Establish a consistent style for your bibliography

% Cite conference papers using inproceedings entries with these five entries
% Use double brackets to force capitalization
% Use consistent acronyms (e.g., Proc., Int'l, Conf.)
% Decide whether or not you will include conference acronym (e.g., ICSE)
@inproceedings{nam2013icse,
	Author = {Jaechang Nam and Sinno Jialin Pan and Sunghun Kim},
	Title = {{Transfer Defect Learning}},
	Booktitle = {{Proc. of the Int'l Conf. on Software Engineering (ICSE)}},
	Year = {2013},
	Pages = {382--391}
}

% Use article entries for journal papers with these entries
@article{mockus2002tosem,
	Author = {Audris Mockus and Roy T. Fielding and James D. Herbsleb},
	Journal = {{Transactions On Software Engineering and Methodology (TOSEM)}},
	Number = {3},
	Pages = {309--346},
	Title = {{Two Case Studies of Open Source Software Development: Apache and Mozilla}},
	Volume = {11},
	Year = {2002}
}
